<?xml version="1.0" encoding="UTF-8"?><collection xmlns="http://www.loc.gov/MARC21/slim"><record><leader>00491nam--2200181-u-4500</leader><controlfield tag="001">000055723</controlfield><controlfield tag="002">20161230</controlfield><controlfield tag="005">20161230201052</controlfield><controlfield tag="008">130402s1000------------r-----000-0-ger-d</controlfield><datafield ind1=" " ind2=" " tag="040"><subfield code="a">IFIN-HH</subfield></datafield><datafield ind1=" " ind2=" " tag="041"><subfield code="a">ger</subfield></datafield><datafield ind1=" " ind2=" " tag="080"><subfield code="a">539.184.2</subfield></datafield><datafield ind1="1" ind2=" " tag="100"><subfield code="a">Sommerfeld,Arnold</subfield></datafield><datafield ind1="1" ind2="0" tag="245"><subfield code="a">Atombau und spektrallinien</subfield><subfield code="c">Arnold sommerfeld</subfield></datafield><datafield ind1=" " ind2=" " tag="260"><subfield code="a">Braunschweig</subfield><subfield code="b">Druck Und Verlag Von Friedr. Vieweg &amp;sohn Akt.-ges</subfield><subfield code="c">1922</subfield></datafield><datafield ind1=" " ind2=" " tag="300"><subfield code="a">XI+764P</subfield></datafield><datafield ind1=" " ind2=" " tag="852"><subfield code="a">44415</subfield><subfield code="c">H.H</subfield></datafield><datafield ind1=" " ind2=" " tag="CAT"><subfield code="a">Sys</subfield><subfield code="c">20130402</subfield><subfield code="h">173844</subfield></datafield></record></collection>